{
  "leader": "08551cam a2200757Ia 4500",
  "fields": [
    {
      "001": "ocm40762827\\"
    },
    {
      "003": "OCoLC"
    },
    {
      "005": "20220630092435.0"
    },
    {
      "008": "990204s1999\\\\\\\\nyu\\\\\\\\\\\\\\\\\\\\\\000\\0\\eng\\\\"
    },
    {
      "007": "ta"
    },
    {
      "010": {
        "ind1": "\\",
        "ind2": "\\",
        "subfields": [
          {
            "a": "   99019452 "
          }
        ]
      }
    },
    {
      "040": {
        "ind1": "\\",
        "ind2": "\\",
        "subfields": [
          {
            "a": "DLC"
          },
          {
            "b": "eng"
          },
          {
            "c": "DLC"
          },
          {
            "d": "QP9"
          },
          {
            "d": "DMJ"
          },
          {
            "d": "UKM"
          },
          {
            "d": "LVB"
          },
          {
            "d": "BAKER"
          },
          {
            "d": "P#O"
          },
          {
            "d": "XTL"
          },
          {
            "d": "NLGGC"
          },
          {
            "d": "BTCTA"
          },
          {
            "d": "YDXCP"
          },
          {
            "d": "IG#"
          },
          {
            "d": "ALAUL"
          },
          {
            "d": "ORX"
          },
          {
            "d": "OCLCF"
          },
          {
            "d": "BEDGE"
          },
          {
            "d": "WRA"
          },
          {
            "d": "WIC"
          },
          {
            "d": "LMR"
          },
          {
            "d": "EJB"
          },
          {
            "d": "OCLCQ"
          },
          {
            "d": "CSO"
          },
          {
            "d": "OCLCO"
          },
          {
            "d": "CKK"
          },
          {
            "d": "OCLCO"
          },
          {
            "d": "WUT"
          },
          {
            "d": "VYT"
          },
          {
            "d": "OCLCO"
          },
          {
            "d": "IOL"
          },
          {
            "d": "OCLCO"
          },
          {
            "d": "EPT"
          },
          {
            "d": "MMV"
          },
          {
            "d": "OCLCO"
          },
          {
            "d": "CSB"
          },
          {
            "d": "OCLCO"
          },
          {
            "d": "AL5CW"
          },
          {
            "d": "OCLCO"
          },
          {
            "d": "XY7"
          },
          {
            "d": "MXB"
          },
          {
            "d": "OCLCQ"
          },
          {
            "d": "CSA"
          },
          {
            "d": "CSJ"
          },
          {
            "d": "GCB"
          },
          {
            "d": "OI6"
          },
          {
            "d": "OCLCO"
          },
          {
            "d": "WRS"
          },
          {
            "d": "OCLCO"
          },
          {
            "d": "PBF"
          },
          {
            "d": "UKUOY"
          },
          {
            "d": "BUF"
          },
          {
            "d": "OCLCO"
          },
          {
            "d": "KJ6"
          },
          {
            "d": "CD5"
          },
          {
            "d": "OCLCO"
          },
          {
            "d": "VTU"
          },
          {
            "d": "OCLCQ"
          },
          {
            "d": "DT5"
          },
          {
            "d": "OCLCQ"
          },
          {
            "d": "OKR"
          },
          {
            "d": "CCH"
          },
          {
            "d": "GZM"
          },
          {
            "d": "V5E"
          },
          {
            "d": "GOU"
          },
          {
            "d": "OCLCO"
          },
          {
            "d": "XZ9"
          },
          {
            "d": "MRM"
          },
          {
            "d": "XOS"
          },
          {
            "d": "OCLCO"
          },
          {
            "d": "WKU"
          },
          {
            "d": "OCLCO"
          },
          {
            "d": "PZR"
          },
          {
            "d": "OCLCO"
          },
          {
            "d": "GILDS"
          },
          {
            "d": "URS"
          },
          {
            "d": "RAO"
          },
          {
            "d": "OCLCQ"
          },
          {
            "d": "MOW"
          },
          {
            "d": "MAFCI"
          },
          {
            "d": "BGU"
          },
          {
            "d": "OCLCO"
          },
          {
            "d": "CPS"
          },
          {
            "d": "NQF"
          },
          {
            "d": "OCLCO"
          },
          {
            "d": "OCLCQ"
          },
          {
            "d": "OCLCO"
          },
          {
            "d": "OCLCQ"
          },
          {
            "d": "OCLCO"
          },
          {
            "d": "OCLCQ"
          },
          {
            "d": "DCHUA"
          },
          {
            "d": "OCLCO"
          },
          {
            "d": "ZLF"
          },
          {
            "d": "OCLCQ"
          },
          {
            "d": "OCLCO"
          },
          {
            "d": "TXKYL"
          },
          {
            "d": "OCLCO"
          },
          {
            "d": "AZU"
          },
          {
            "d": "CBA"
          },
          {
            "d": "OCLCO"
          },
          {
            "d": "MP0"
          },
          {
            "d": "OCLCO"
          },
          {
            "d": "OCLCQ"
          },
          {
            "d": "ULL"
          },
          {
            "d": "OCLCO"
          },
          {
            "d": "SXQ"
          },
          {
            "d": "OCLCO"
          },
          {
            "d": "UTP"
          },
          {
            "d": "OCLCO"
          },
          {
            "d": "CSE"
          },
          {
            "d": "OCLCO"
          },
          {
            "d": "BDP"
          },
          {
            "d": "OCLCO"
          },
          {
            "d": "FDU"
          },
          {
            "d": "OCLCO"
          },
          {
            "d": "OCLCQ"
          },
          {
            "d": "OCLCO"
          },
          {
            "d": "OCLCQ"
          },
          {
            "d": "OCLCA"
          },
          {
            "d": "FHL"
          },
          {
            "d": "OCLCO"
          },
          {
            "d": "WRF"
          }
        ]
      }
    },
    {
      "019": {
        "ind1": "\\",
        "ind2": "\\",
        "subfields": [
          {
            "a": "70865630"
          },
          {
            "a": "519998572"
          },
          {
            "a": "777410088"
          },
          {
            "a": "1042102422"
          },
          {
            "a": "1109587377"
          },
          {
            "a": "1194967881"
          },
          {
            "a": "1201017253"
          },
          {
            "a": "1201988223"
          },
          {
            "a": "1202012938"
          }
        ]
      }
    },
    {
      "020": {
        "ind1": "\\",
        "ind2": "\\",
        "subfields": [
          {
            "a": "0684852861"
          }
        ]
      }
    },
    {
      "020": {
        "ind1": "\\",
        "ind2": "\\",
        "subfields": [
          {
            "a": "9780684852867"
          }
        ]
      }
    },
    {
      "020": {
        "ind1": "\\",
        "ind2": "\\",
        "subfields": [
          {
            "a": "0743219872"
          }
        ]
      }
    },
    {
      "020": {
        "ind1": "\\",
        "ind2": "\\",
        "subfields": [
          {
            "a": "9780743219877"
          }
        ]
      }
    },
    {
      "024": {
        "ind1": "3",
        "ind2": "\\",
        "subfields": [
          {
            "a": "9780684852867"
          },
          {
            "d": "53000"
          }
        ]
      }
    },
    {
      "035": {
        "ind1": "\\",
        "ind2": "\\",
        "subfields": [
          {
            "a": "(OCoLC)40762827"
          },
          {
            "z": "(OCoLC)70865630"
          },
          {
            "z": "(OCoLC)519998572"
          },
          {
            "z": "(OCoLC)777410088"
          },
          {
            "z": "(OCoLC)1042102422"
          },
          {
            "z": "(OCoLC)1109587377"
          },
          {
            "z": "(OCoLC)1194967881"
          },
          {
            "z": "(OCoLC)1201017253"
          },
          {
            "z": "(OCoLC)1201988223"
          },
          {
            "z": "(OCoLC)1202012938"
          }
        ]
      }
    },
    {
      "042": {
        "ind1": "\\",
        "ind2": "\\",
        "subfields": [
          {
            "a": "pcc"
          }
        ]
      }
    },
    {
      "050": {
        "ind1": "0",
        "ind2": "0",
        "subfields": [
          {
            "a": "HD38.2"
          },
          {
            "b": ".B83 1999"
          }
        ]
      }
    },
    {
      "055": {
        "ind1": "\\",
        "ind2": "3",
        "subfields": [
          {
            "a": "HD38.2"
          },
          {
            "b": "B82"
          }
        ]
      }
    },
    {
      "060": {
        "ind1": "\\",
        "ind2": "4",
        "subfields": [
          {
            "a": "HD 38.2"
          },
          {
            "b": "B923f 1999"
          }
        ]
      }
    },
    {
      "080": {
        "ind1": "\\",
        "ind2": "\\",
        "subfields": [
          {
            "a": "005.95"
          },
          {
            "b": "B83"
          }
        ]
      }
    },
    {
      "082": {
        "ind1": "0",
        "ind2": "0",
        "subfields": [
          {
            "a": "658.409"
          },
          {
            "b": "BUC"
          }
        ]
      }
    },
    {
      "100": {
        "ind1": "1",
        "ind2": "\\",
        "subfields": [
          {
            "a": "Buckingham, Marcus,"
          },
          {
            "e": "author."
          }
        ]
      }
    },
    {
      "245": {
        "ind1": "1",
        "ind2": "0",
        "subfields": [
          {
            "a": "First, break all the rules :"
          },
          {
            "b": "what the world's greatest managers do differently /"
          },
          {
            "c": "Marcus Buckingham and Curt Coffman."
          }
        ]
      }
    },
    {
      "246": {
        "ind1": "3",
        "ind2": "0",
        "subfields": [
          {
            "a": "What the world's greatest managers do differently"
          }
        ]
      }
    },
    {
      "260": {
        "ind1": "\\",
        "ind2": "\\",
        "subfields": [
          {
            "a": "New York, NY. :"
          },
          {
            "b": "Simon & Schuster,"
          },
          {
            "c": "\u00a91999."
          }
        ]
      }
    },
    {
      "300": {
        "ind1": "\\",
        "ind2": "\\",
        "subfields": [
          {
            "a": "271 pages ;"
          },
          {
            "c": "24 cm"
          }
        ]
      }
    },
    {
      "336": {
        "ind1": "\\",
        "ind2": "\\",
        "subfields": [
          {
            "a": "text"
          },
          {
            "b": "txt"
          },
          {
            "2": "rdacontent"
          }
        ]
      }
    },
    {
      "337": {
        "ind1": "\\",
        "ind2": "\\",
        "subfields": [
          {
            "a": "unmediated"
          },
          {
            "b": "n"
          },
          {
            "2": "rdamedia"
          }
        ]
      }
    },
    {
      "338": {
        "ind1": "\\",
        "ind2": "\\",
        "subfields": [
          {
            "a": "volume"
          },
          {
            "b": "nc"
          },
          {
            "2": "rdacarrier"
          }
        ]
      }
    },
    {
      "520": {
        "ind1": "\\",
        "ind2": "\\",
        "subfields": [
          {
            "a": "Companies compete to find and keep the best employees, using pay, benefits, promotions, and training. But these well-intentioned efforts often miss the mark. The front-line manager is the key to attracting and retaining talented employees. No matter how generous its pay or how renowned its training, the company that lacks great front-line managers will suffer. The authors explain how the best managers select an employee for talent rather than for skills or experience how they set expectations for him or her -- they define the right outcomes rather than the right steps how they motivate people -- they build on each person's unique strengths rather than trying to fix his weaknesses and, finally, how great managers develop people -- they find the right fit for each person, not the next rung on the ladder. And perhaps most important, this research -- which initially generated thousands of different survey questions on the subject of employee opinion -- finally produced the twelve simple questions that work to distinguish the strongest departments of a company from all the rest. This book is the first to present this essential measuring stick and to prove the link between employee opinions and productivity, profit, customer satisfaction, and the rate of turnover."
          }
        ]
      }
    },
    {
      "505": {
        "ind1": "0",
        "ind2": "\\",
        "subfields": [
          {
            "a": "Introduction : breaking all the rules -- The measuring stick. A disaster off the Scilly Isles : what do we know to be important but are unable to measure? ; The measuring stick : how can you measure human capital? ; Putting the twelve to the test : does the measuring stick link to business outcomes? ;  A case in point : what do these discoveries mean for one particular company? ; Mountain climbing : why is there an order to the twelve questions? -- The wisdom of great managers. Words from the wise : whom did Gallup interview? ; What great managers know : what is the revolutionary insight shared by all great managers?; What great managers do : what are the four basic roles of a great manager? ; The four keys : how do great managers play these roles? -- The first key : select for talent. Talent : how great managers define it : why does every role, performed at excellence, require talent? ; The right stuff : why is talent more important than experience, brainpower, and willpower? ; The decade of the brain : how much of a person can the manager change? ; Skills, knowledge, and talents : what is the difference among the three? ; The world according to talent : which myths can we now dispel? ; Talent : how great managers find it : why are great managers so good at selecting for talent? ; A word from the coach : John Wooden, on the importance of talent  -- The second key : define the right outcomes ; Managing by remote control : why is it so hard to manage people well? ; Temptations : why do so many managers try to control their people? ; Rules of thumb : when and how do great managers rely on steps? ; What do you get paid to do? : how do you know if the outcomes are right? -- The third key : focus on strengths ; Let them become more of who they already are : how do great managers release each person's potential? ; Tales of transformation : why is it so tempting to try to fix people? ; Casting is everything : how do great managers cultivate excellent performance so consistently? ; Manage by exception : why great managers break the Golden Rule? ; Spend the most time with your best people : why do great managers play favorites? ; How to manage around a weakness : how do great manager turn a harmful weakness into an irrelevant nontalent? -- The fourth key : find the right fit ; The blind, breathless climb : what's wrong with the old career path? ; One rung doesn't necessarily lead to another : why do we keep promoting people to their level of incompetence? ; Create heroes in every role : how to solve the shortage of respect ; Three stories and a new career : what is the force driving the new career? ; The art of tough love : how do great managers terminate someone and still keep the relationship intact? -- Turning the keys : a practical guide ; The art of interviewing for talent : which are the right questions to ask? ;  Performance management : how do great managers turn the last three keys every day, with every employee? ; Keys of your own : can an employee turn these keys? ; Master keys : what can the company do to create a friendly climate for great managers? -- Gathering force -- Appendix A. The Gallup path to business performance : what is the path to sustained increase in shareholder value? -- Appendix B. What the great managers said : what did great managers say to the three questions quoted in chapter 2? -- Appendix C. A selection of talents : which talents are found most frequently across all roles? -- Appendix D. Finding the twelve questions : how did Gallup find the twelve questions -- Appendix E. The meta-analysis : what are the details of the meta-analysis?"
          }
        ]
      }
    },
    {
      "650": {
        "ind1": "\\",
        "ind2": "0",
        "subfields": [
          {
            "a": "Executive ability."
          }
        ]
      }
    },
    {
      "650": {
        "ind1": "\\",
        "ind2": "0",
        "subfields": [
          {
            "a": "Management."
          }
        ]
      }
    },
    {
      "650": {
        "ind1": "\\",
        "ind2": "0",
        "subfields": [
          {
            "a": "Executives"
          },
          {
            "x": "Attitudes."
          }
        ]
      }
    },
    {
      "650": {
        "ind1": "\\",
        "ind2": "0",
        "subfields": [
          {
            "a": "Employees"
          },
          {
            "x": "Attitudes."
          }
        ]
      }
    },
    {
      "650": {
        "ind1": "\\",
        "ind2": "0",
        "subfields": [
          {
            "a": "Employer attitude surveys."
          }
        ]
      }
    },
    {
      "650": {
        "ind1": "\\",
        "ind2": "0",
        "subfields": [
          {
            "a": "Employee attitude surveys."
          }
        ]
      }
    },
    {
      "650": {
        "ind1": "\\",
        "ind2": "0",
        "subfields": [
          {
            "a": "Executives."
          }
        ]
      }
    },
    {
      "650": {
        "ind1": "\\",
        "ind2": "0",
        "subfields": [
          {
            "a": "Leadership."
          }
        ]
      }
    },
    {
      "650": {
        "ind1": "\\",
        "ind2": "0",
        "subfields": [
          {
            "a": "Attitude (Psychology)"
          }
        ]
      }
    },
    {
      "650": {
        "ind1": "\\",
        "ind2": "0",
        "subfields": [
          {
            "a": "Personnel management."
          }
        ]
      }
    },
    {
      "650": {
        "ind1": "\\",
        "ind2": "0",
        "subfields": [
          {
            "a": "Employee selection."
          }
        ]
      }
    },
    {
      "650": {
        "ind1": "\\",
        "ind2": "2",
        "subfields": [
          {
            "a": "Professional Corporations"
          },
          {
            "x": "organization & administration"
          }
        ]
      }
    },
    {
      "650": {
        "ind1": "\\",
        "ind2": "2",
        "subfields": [
          {
            "a": "Administrative Personnel"
          }
        ]
      }
    },
    {
      "650": {
        "ind1": "\\",
        "ind2": "2",
        "subfields": [
          {
            "a": "Leadership"
          }
        ]
      }
    },
    {
      "650": {
        "ind1": "\\",
        "ind2": "2",
        "subfields": [
          {
            "a": "Attitude"
          }
        ]
      }
    },
    {
      "650": {
        "ind1": "\\",
        "ind2": "2",
        "subfields": [
          {
            "a": "Personnel Management"
          }
        ]
      }
    },
    {
      "650": {
        "ind1": "\\",
        "ind2": "2",
        "subfields": [
          {
            "a": "Personnel Selection"
          }
        ]
      }
    },
    {
      "650": {
        "ind1": "\\",
        "ind2": "7",
        "subfields": [
          {
            "a": "Employee attitude surveys."
          },
          {
            "2": "fast"
          },
          {
            "0": "(OCoLC)fst00908962"
          }
        ]
      }
    },
    {
      "650": {
        "ind1": "\\",
        "ind2": "7",
        "subfields": [
          {
            "a": "Employees"
          },
          {
            "x": "Attitudes."
          },
          {
            "2": "fast"
          },
          {
            "0": "(OCoLC)fst00909114"
          }
        ]
      }
    },
    {
      "650": {
        "ind1": "\\",
        "ind2": "7",
        "subfields": [
          {
            "a": "Employer attitude surveys."
          },
          {
            "2": "fast"
          },
          {
            "0": "(OCoLC)fst00909276"
          }
        ]
      }
    },
    {
      "650": {
        "ind1": "\\",
        "ind2": "7",
        "subfields": [
          {
            "a": "Executive ability."
          },
          {
            "2": "fast"
          },
          {
            "0": "(OCoLC)fst00917778"
          }
        ]
      }
    },
    {
      "650": {
        "ind1": "\\",
        "ind2": "7",
        "subfields": [
          {
            "a": "Executives"
          },
          {
            "x": "Attitudes."
          },
          {
            "2": "fast"
          },
          {
            "0": "(OCoLC)fst00917877"
          }
        ]
      }
    },
    {
      "650": {
        "ind1": "\\",
        "ind2": "7",
        "subfields": [
          {
            "a": "Management."
          },
          {
            "2": "fast"
          },
          {
            "0": "(OCoLC)fst01007141"
          }
        ]
      }
    },
    {
      "700": {
        "ind1": "1",
        "ind2": "\\",
        "subfields": [
          {
            "a": "Coffman, Curt,"
          },
          {
            "e": "author."
          }
        ]
      }
    },
    {
      "856": {
        "ind1": "4",
        "ind2": "1",
        "subfields": [
          {
            "3": "Sample text"
          },
          {
            "u": "http://catdir.loc.gov/catdir/samples/simon031/99019452.html"
          }
        ]
      }
    },
    {
      "856": {
        "ind1": "4",
        "ind2": "1",
        "subfields": [
          {
            "3": "Table of contents"
          },
          {
            "u": "http://catdir.loc.gov/catdir/enhancements/fy0631/99019452-t.html"
          }
        ]
      }
    },
    {
      "856": {
        "ind1": "4",
        "ind2": "2",
        "subfields": [
          {
            "3": "Contributor biographical information"
          },
          {
            "u": "http://catdir.loc.gov/catdir/bios/simon051/99019452.html"
          }
        ]
      }
    },
    {
      "856": {
        "ind1": "4",
        "ind2": "2",
        "subfields": [
          {
            "3": "Publisher description"
          },
          {
            "u": "http://catdir.loc.gov/catdir/description/simon041/99019452.html"
          }
        ]
      }
    },
    {
      "994": {
        "ind1": "\\",
        "ind2": "\\",
        "subfields": [
          {
            "a": "Z0"
          },
          {
            "b": "NYRVC"
          }
        ]
      }
    },
    {
      "948": {
        "ind1": "\\",
        "ind2": "\\",
        "subfields": [
          {
            "h": "NO HOLDINGS IN NYRVC - 2611 OTHER HOLDINGS"
          }
        ]
      }
    },
    {
      "999": {
        "ind1": "\\",
        "ind2": "\\",
        "subfields": [
          {
            "a": "00000000018339"
          }
        ]
      }
    }
  ]
}